<?xml version="1.0" encoding="UTF-8"?><collection xmlns="http://www.loc.gov/MARC21/slim"><record><leader>00512nam--2200169-i-4500</leader><controlfield tag="001">000050247</controlfield><controlfield tag="002">20161230</controlfield><controlfield tag="005">20170118182613</controlfield><controlfield tag="008">060222s1000------------r-----000-0-eng-d</controlfield><datafield ind1=" " ind2=" " tag="080"><subfield code="a">539.4:541.161.6</subfield></datafield><datafield ind1=" " ind2=" " tag="100"><subfield code="a">Bartenev, G. M</subfield></datafield><datafield ind1=" " ind2=" " tag="245"><subfield code="a">Fizicheskie svoistva neuporiadochennyh struktur./molekuliarno-kineticheskie i termodinamicheskie processy i neorganicheskih steklah i polimerah</subfield></datafield><datafield ind1=" " ind2=" " tag="260"><subfield code="b">Bez M</subfield><subfield code="c">1982</subfield></datafield><datafield ind1=" " ind2=" " tag="300"><subfield code="a">259s</subfield></datafield><datafield ind1=" " ind2=" " tag="700"><subfield code="a">Sanditov, D. S</subfield></datafield><datafield ind1=" " ind2=" " tag="852"><subfield code="a">71326</subfield></datafield><datafield ind1=" " ind2=" " tag="CAT"><subfield code="a">SYS</subfield><subfield code="c">20170118</subfield><subfield code="h">182613</subfield></datafield></record></collection>